%YAML 1.1
%TAG !u! tag:unity3d.com,2011:
--- !u!1 &2004459472342373447
GameObject:
  m_ObjectHideFlags: 0
  m_CorrespondingSourceObject: {fileID: 0}
  m_PrefabInstance: {fileID: 0}
  m_PrefabAsset: {fileID: 0}
  serializedVersion: 6
  m_Component:
  - component: {fileID: 5774951041733218500}
  - component: {fileID: 913462528680409322}
  - component: {fileID: 8397603625792763812}
  - component: {fileID: -2218706841466589307}
  - component: {fileID: 7162149290878862100}
  - component: {fileID: 5081769984265775023}
  - component: {fileID: 407738156014565730}
  - component: {fileID: 6062210386183287593}
  - component: {fileID: 8348726636292151096}
  m_Layer: 0
  m_Name: StandardEnemy
  m_TagString: Enemy
  m_Icon: {fileID: 0}
  m_NavMeshLayer: 0
  m_StaticEditorFlags: 0
  m_IsActive: 1
--- !u!4 &5774951041733218500
Transform:
  m_ObjectHideFlags: 0
  m_CorrespondingSourceObject: {fileID: 0}
  m_PrefabInstance: {fileID: 0}
  m_PrefabAsset: {fileID: 0}
  m_GameObject: {fileID: 2004459472342373447}
  m_LocalRotation: {x: 0, y: 0, z: 0, w: 1}
  m_LocalPosition: {x: 0, y: 0, z: 0}
  m_LocalScale: {x: 1, y: 1, z: 1}
  m_Children:
  - {fileID: 2122429581094051942}
  - {fileID: 8254326310269927619}
  - {fileID: 6833720038115914509}
  - {fileID: 9099102693074639851}
  m_Father: {fileID: 0}
  m_RootOrder: 0
  m_LocalEulerAnglesHint: {x: 0, y: 0, z: 0}
--- !u!33 &913462528680409322
MeshFilter:
  m_ObjectHideFlags: 0
  m_CorrespondingSourceObject: {fileID: 0}
  m_PrefabInstance: {fileID: 0}
  m_PrefabAsset: {fileID: 0}
  m_GameObject: {fileID: 2004459472342373447}
  m_Mesh: {fileID: 10202, guid: 0000000000000000e000000000000000, type: 0}
--- !u!23 &8397603625792763812
MeshRenderer:
  m_ObjectHideFlags: 0
  m_CorrespondingSourceObject: {fileID: 0}
  m_PrefabInstance: {fileID: 0}
  m_PrefabAsset: {fileID: 0}
  m_GameObject: {fileID: 2004459472342373447}
  m_Enabled: 0
  m_CastShadows: 1
  m_ReceiveShadows: 1
  m_DynamicOccludee: 1
  m_MotionVectors: 1
  m_LightProbeUsage: 1
  m_ReflectionProbeUsage: 1
  m_RenderingLayerMask: 1
  m_RendererPriority: 0
  m_Materials:
  - {fileID: 2100000, guid: f0d8ffa6c7d8e56488ebb84610f5020f, type: 2}
  m_StaticBatchInfo:
    firstSubMesh: 0
    subMeshCount: 0
  m_StaticBatchRoot: {fileID: 0}
  m_ProbeAnchor: {fileID: 0}
  m_LightProbeVolumeOverride: {fileID: 0}
  m_ScaleInLightmap: 1
  m_ReceiveGI: 1
  m_PreserveUVs: 0
  m_IgnoreNormalsForChartDetection: 0
  m_ImportantGI: 0
  m_StitchLightmapSeams: 1
  m_SelectedEditorRenderState: 3
  m_MinimumChartSize: 4
  m_AutoUVMaxDistance: 0.5
  m_AutoUVMaxAngle: 89
  m_LightmapParameters: {fileID: 0}
  m_SortingLayerID: 0
  m_SortingLayer: 0
  m_SortingOrder: 0
--- !u!54 &-2218706841466589307
Rigidbody:
  m_ObjectHideFlags: 0
  m_CorrespondingSourceObject: {fileID: 0}
  m_PrefabInstance: {fileID: 0}
  m_PrefabAsset: {fileID: 0}
  m_GameObject: {fileID: 2004459472342373447}
  serializedVersion: 2
  m_Mass: 1
  m_Drag: 0
  m_AngularDrag: 0.05
  m_UseGravity: 0
  m_IsKinematic: 0
  m_Interpolate: 0
  m_Constraints: 126
  m_CollisionDetection: 0
--- !u!135 &7162149290878862100
SphereCollider:
  m_ObjectHideFlags: 0
  m_CorrespondingSourceObject: {fileID: 0}
  m_PrefabInstance: {fileID: 0}
  m_PrefabAsset: {fileID: 0}
  m_GameObject: {fileID: 2004459472342373447}
  m_Material: {fileID: 0}
  m_IsTrigger: 1
  m_Enabled: 1
  serializedVersion: 2
  m_Radius: 0.4
  m_Center: {x: 0, y: 0.5, z: 0}
--- !u!195 &5081769984265775023
NavMeshAgent:
  m_ObjectHideFlags: 0
  m_CorrespondingSourceObject: {fileID: 0}
  m_PrefabInstance: {fileID: 0}
  m_PrefabAsset: {fileID: 0}
  m_GameObject: {fileID: 2004459472342373447}
  m_Enabled: 1
  m_AgentTypeID: 0
  m_Radius: 0.2
  m_Speed: 1
  m_Acceleration: 1000
  avoidancePriority: 50
  m_AngularSpeed: 1000
  m_StoppingDistance: 0
  m_AutoTraverseOffMeshLink: 1
  m_AutoBraking: 0
  m_AutoRepath: 1
  m_Height: 0.7
  m_BaseOffset: 0
  m_WalkableMask: 4294967295
  m_ObstacleAvoidanceType: 4
--- !u!114 &407738156014565730
MonoBehaviour:
  m_ObjectHideFlags: 0
  m_CorrespondingSourceObject: {fileID: 0}
  m_PrefabInstance: {fileID: 0}
  m_PrefabAsset: {fileID: 0}
  m_GameObject: {fileID: 2004459472342373447}
  m_Enabled: 1
  m_EditorHideFlags: 0
  m_Script: {fileID: 11500000, guid: e11083b6f02ab7a47ab27ac562ea97cf, type: 3}
  m_Name: 
  m_EditorClassIdentifier: 
--- !u!114 &6062210386183287593
MonoBehaviour:
  m_ObjectHideFlags: 0
  m_CorrespondingSourceObject: {fileID: 0}
  m_PrefabInstance: {fileID: 0}
  m_PrefabAsset: {fileID: 0}
  m_GameObject: {fileID: 2004459472342373447}
  m_Enabled: 1
  m_EditorHideFlags: 0
  m_Script: {fileID: 11500000, guid: 5080d40ef2bbb984ebeb54caf3cd8797, type: 3}
  m_Name: 
  m_EditorClassIdentifier: 
  enemyMaxHealth: 40
  enemyHealthBar: {fileID: 2122429580289092556}
  enemyDamageIndicator: {fileID: 4377725142424921143}
  decreaseRate: 0.1
  waveCounter: 0
  damage: 6
  value: 25
  getDamageFill: 12
  getKillFill: 24
  healthScale: 2.5
  burnParticles: {fileID: 9099102693074639852}
  slowParticles: {fileID: 6833720038115914510}
  flying: 0
  cheese: 0
  scoreToGive: 1
  currentAnim: {fileID: 2019655294037552569}
  idle: 0
  cheeseMeshes: []
  cheeseSpeed: 0.5
  speedIncrease: 0.5
  distanceTravelled: 0
  cookedSound: {fileID: 2547886438880698932, guid: aeea5d04a9dbea94590bddcb7da19371,
    type: 3}
--- !u!114 &8348726636292151096
MonoBehaviour:
  m_ObjectHideFlags: 0
  m_CorrespondingSourceObject: {fileID: 0}
  m_PrefabInstance: {fileID: 0}
  m_PrefabAsset: {fileID: 0}
  m_GameObject: {fileID: 2004459472342373447}
  m_Enabled: 1
  m_EditorHideFlags: 0
  m_Script: {fileID: 11500000, guid: 676005252e558894aba408237541a146, type: 3}
  m_Name: 
  m_EditorClassIdentifier: 
  soundNames:
  - Cooked
  parentedSources: []
  audioIndex: 
--- !u!1001 &928281208475538061
PrefabInstance:
  m_ObjectHideFlags: 0
  serializedVersion: 2
  m_Modification:
    m_TransformParent: {fileID: 5774951041733218500}
    m_Modifications:
    - target: {fileID: 1267069100534706927, guid: 7f19f5a46c33ca44e86c0b17ba870a29,
        type: 3}
      propertyPath: m_Name
      value: HealthIndicator
      objectReference: {fileID: 0}
    - target: {fileID: 1267069100534706923, guid: 7f19f5a46c33ca44e86c0b17ba870a29,
        type: 3}
      propertyPath: m_LocalPosition.x
      value: 0
      objectReference: {fileID: 0}
    - target: {fileID: 1267069100534706923, guid: 7f19f5a46c33ca44e86c0b17ba870a29,
        type: 3}
      propertyPath: m_LocalPosition.y
      value: 0
      objectReference: {fileID: 0}
    - target: {fileID: 1267069100534706923, guid: 7f19f5a46c33ca44e86c0b17ba870a29,
        type: 3}
      propertyPath: m_LocalPosition.z
      value: 0
      objectReference: {fileID: 0}
    - target: {fileID: 1267069100534706923, guid: 7f19f5a46c33ca44e86c0b17ba870a29,
        type: 3}
      propertyPath: m_LocalRotation.x
      value: 0
      objectReference: {fileID: 0}
    - target: {fileID: 1267069100534706923, guid: 7f19f5a46c33ca44e86c0b17ba870a29,
        type: 3}
      propertyPath: m_LocalRotation.y
      value: 0
      objectReference: {fileID: 0}
    - target: {fileID: 1267069100534706923, guid: 7f19f5a46c33ca44e86c0b17ba870a29,
        type: 3}
      propertyPath: m_LocalRotation.z
      value: 0
      objectReference: {fileID: 0}
    - target: {fileID: 1267069100534706923, guid: 7f19f5a46c33ca44e86c0b17ba870a29,
        type: 3}
      propertyPath: m_LocalRotation.w
      value: 1
      objectReference: {fileID: 0}
    - target: {fileID: 1267069100534706923, guid: 7f19f5a46c33ca44e86c0b17ba870a29,
        type: 3}
      propertyPath: m_RootOrder
      value: 0
      objectReference: {fileID: 0}
    - target: {fileID: 1267069100534706923, guid: 7f19f5a46c33ca44e86c0b17ba870a29,
        type: 3}
      propertyPath: m_LocalEulerAnglesHint.x
      value: 0
      objectReference: {fileID: 0}
    - target: {fileID: 1267069100534706923, guid: 7f19f5a46c33ca44e86c0b17ba870a29,
        type: 3}
      propertyPath: m_LocalEulerAnglesHint.y
      value: 0
      objectReference: {fileID: 0}
    - target: {fileID: 1267069100534706923, guid: 7f19f5a46c33ca44e86c0b17ba870a29,
        type: 3}
      propertyPath: m_LocalEulerAnglesHint.z
      value: 0
      objectReference: {fileID: 0}
    - target: {fileID: 1267069100534706923, guid: 7f19f5a46c33ca44e86c0b17ba870a29,
        type: 3}
      propertyPath: m_AnchoredPosition.x
      value: 0
      objectReference: {fileID: 0}
    - target: {fileID: 1267069100534706923, guid: 7f19f5a46c33ca44e86c0b17ba870a29,
        type: 3}
      propertyPath: m_AnchoredPosition.y
      value: 0.7
      objectReference: {fileID: 0}
    - target: {fileID: 1267069100534706923, guid: 7f19f5a46c33ca44e86c0b17ba870a29,
        type: 3}
      propertyPath: m_SizeDelta.x
      value: 100
      objectReference: {fileID: 0}
    - target: {fileID: 1267069100534706923, guid: 7f19f5a46c33ca44e86c0b17ba870a29,
        type: 3}
      propertyPath: m_SizeDelta.y
      value: 9
      objectReference: {fileID: 0}
    - target: {fileID: 1267069100534706923, guid: 7f19f5a46c33ca44e86c0b17ba870a29,
        type: 3}
      propertyPath: m_AnchorMin.x
      value: 0.5
      objectReference: {fileID: 0}
    - target: {fileID: 1267069100534706923, guid: 7f19f5a46c33ca44e86c0b17ba870a29,
        type: 3}
      propertyPath: m_AnchorMin.y
      value: 0.5
      objectReference: {fileID: 0}
    - target: {fileID: 1267069100534706923, guid: 7f19f5a46c33ca44e86c0b17ba870a29,
        type: 3}
      propertyPath: m_AnchorMax.x
      value: 0.5
      objectReference: {fileID: 0}
    - target: {fileID: 1267069100534706923, guid: 7f19f5a46c33ca44e86c0b17ba870a29,
        type: 3}
      propertyPath: m_AnchorMax.y
      value: 0.5
      objectReference: {fileID: 0}
    - target: {fileID: 1267069100534706923, guid: 7f19f5a46c33ca44e86c0b17ba870a29,
        type: 3}
      propertyPath: m_Pivot.x
      value: 0.5
      objectReference: {fileID: 0}
    - target: {fileID: 1267069100534706923, guid: 7f19f5a46c33ca44e86c0b17ba870a29,
        type: 3}
      propertyPath: m_Pivot.y
      value: 0.1
      objectReference: {fileID: 0}
    - target: {fileID: 1267069100534706923, guid: 7f19f5a46c33ca44e86c0b17ba870a29,
        type: 3}
      propertyPath: m_LocalScale.x
      value: 0.013443248
      objectReference: {fileID: 0}
    - target: {fileID: 1267069100534706923, guid: 7f19f5a46c33ca44e86c0b17ba870a29,
        type: 3}
      propertyPath: m_LocalScale.y
      value: 0.006290096
      objectReference: {fileID: 0}
    - target: {fileID: 1267069100534706923, guid: 7f19f5a46c33ca44e86c0b17ba870a29,
        type: 3}
      propertyPath: m_LocalScale.z
      value: 0.013443248
      objectReference: {fileID: 0}
    m_RemovedComponents: []
  m_SourcePrefab: {fileID: 100100000, guid: 7f19f5a46c33ca44e86c0b17ba870a29, type: 3}
--- !u!224 &2122429581094051942 stripped
RectTransform:
  m_CorrespondingSourceObject: {fileID: 1267069100534706923, guid: 7f19f5a46c33ca44e86c0b17ba870a29,
    type: 3}
  m_PrefabInstance: {fileID: 928281208475538061}
  m_PrefabAsset: {fileID: 0}
--- !u!114 &4377725142424921143 stripped
MonoBehaviour:
  m_CorrespondingSourceObject: {fileID: 3468096094310921914, guid: 7f19f5a46c33ca44e86c0b17ba870a29,
    type: 3}
  m_PrefabInstance: {fileID: 928281208475538061}
  m_PrefabAsset: {fileID: 0}
  m_GameObject: {fileID: 0}
  m_Enabled: 1
  m_EditorHideFlags: 0
  m_Script: {fileID: 11500000, guid: fe87c0e1cc204ed48ad3b37840f39efc, type: 3}
  m_Name: 
  m_EditorClassIdentifier: 
--- !u!114 &2122429580289092556 stripped
MonoBehaviour:
  m_CorrespondingSourceObject: {fileID: 1267069099728664897, guid: 7f19f5a46c33ca44e86c0b17ba870a29,
    type: 3}
  m_PrefabInstance: {fileID: 928281208475538061}
  m_PrefabAsset: {fileID: 0}
  m_GameObject: {fileID: 0}
  m_Enabled: 1
  m_EditorHideFlags: 0
  m_Script: {fileID: 11500000, guid: fe87c0e1cc204ed48ad3b37840f39efc, type: 3}
  m_Name: 
  m_EditorClassIdentifier: 
--- !u!1001 &4032963318348344281
PrefabInstance:
  m_ObjectHideFlags: 0
  serializedVersion: 2
  m_Modification:
    m_TransformParent: {fileID: 5774951041733218500}
    m_Modifications:
    - target: {fileID: -927199367670048503, guid: 499ae9f85df28984bbf8793fa2e5758d,
        type: 3}
      propertyPath: m_Name
      value: Potato
      objectReference: {fileID: 0}
    - target: {fileID: -927199367670048503, guid: 499ae9f85df28984bbf8793fa2e5758d,
        type: 3}
      propertyPath: m_TagString
      value: Mesh
      objectReference: {fileID: 0}
    - target: {fileID: -6057140222963153312, guid: 499ae9f85df28984bbf8793fa2e5758d,
        type: 3}
      propertyPath: m_Controller
      value: 
      objectReference: {fileID: 9100000, guid: e84a697f858fd064c9d0d0ac728ecb00, type: 2}
    - target: {fileID: -4216859302048453862, guid: 499ae9f85df28984bbf8793fa2e5758d,
        type: 3}
      propertyPath: m_LocalPosition.x
      value: 0
      objectReference: {fileID: 0}
    - target: {fileID: -4216859302048453862, guid: 499ae9f85df28984bbf8793fa2e5758d,
        type: 3}
      propertyPath: m_LocalPosition.y
      value: 0
      objectReference: {fileID: 0}
    - target: {fileID: -4216859302048453862, guid: 499ae9f85df28984bbf8793fa2e5758d,
        type: 3}
      propertyPath: m_LocalPosition.z
      value: 0
      objectReference: {fileID: 0}
    - target: {fileID: -4216859302048453862, guid: 499ae9f85df28984bbf8793fa2e5758d,
        type: 3}
      propertyPath: m_LocalRotation.x
      value: 0
      objectReference: {fileID: 0}
    - target: {fileID: -4216859302048453862, guid: 499ae9f85df28984bbf8793fa2e5758d,
        type: 3}
      propertyPath: m_LocalRotation.y
      value: 0
      objectReference: {fileID: 0}
    - target: {fileID: -4216859302048453862, guid: 499ae9f85df28984bbf8793fa2e5758d,
        type: 3}
      propertyPath: m_LocalRotation.z
      value: 0
      objectReference: {fileID: 0}
    - target: {fileID: -4216859302048453862, guid: 499ae9f85df28984bbf8793fa2e5758d,
        type: 3}
      propertyPath: m_LocalRotation.w
      value: 1
      objectReference: {fileID: 0}
    - target: {fileID: -4216859302048453862, guid: 499ae9f85df28984bbf8793fa2e5758d,
        type: 3}
      propertyPath: m_RootOrder
      value: 1
      objectReference: {fileID: 0}
    - target: {fileID: -4216859302048453862, guid: 499ae9f85df28984bbf8793fa2e5758d,
        type: 3}
      propertyPath: m_LocalEulerAnglesHint.x
      value: 0
      objectReference: {fileID: 0}
    - target: {fileID: -4216859302048453862, guid: 499ae9f85df28984bbf8793fa2e5758d,
        type: 3}
      propertyPath: m_LocalEulerAnglesHint.y
      value: 0
      objectReference: {fileID: 0}
    - target: {fileID: -4216859302048453862, guid: 499ae9f85df28984bbf8793fa2e5758d,
        type: 3}
      propertyPath: m_LocalEulerAnglesHint.z
      value: 0
      objectReference: {fileID: 0}
    m_RemovedComponents: []
  m_SourcePrefab: {fileID: 100100000, guid: 499ae9f85df28984bbf8793fa2e5758d, type: 3}
--- !u!4 &8254326310269927619 stripped
Transform:
  m_CorrespondingSourceObject: {fileID: -4216859302048453862, guid: 499ae9f85df28984bbf8793fa2e5758d,
    type: 3}
  m_PrefabInstance: {fileID: 4032963318348344281}
  m_PrefabAsset: {fileID: 0}
--- !u!95 &2019655294037552569 stripped
Animator:
  m_CorrespondingSourceObject: {fileID: -6057140222963153312, guid: 499ae9f85df28984bbf8793fa2e5758d,
    type: 3}
  m_PrefabInstance: {fileID: 4032963318348344281}
  m_PrefabAsset: {fileID: 0}
--- !u!1001 &5404854654510092511
PrefabInstance:
  m_ObjectHideFlags: 0
  serializedVersion: 2
  m_Modification:
    m_TransformParent: {fileID: 5774951041733218500}
    m_Modifications:
    - target: {fileID: 3839150580051430193, guid: 3dd4e3944e71f844eb58ac53f34e7482,
        type: 3}
      propertyPath: m_Name
      value: Burn
      objectReference: {fileID: 0}
    - target: {fileID: 3839150580051430193, guid: 3dd4e3944e71f844eb58ac53f34e7482,
        type: 3}
      propertyPath: m_IsActive
      value: 0
      objectReference: {fileID: 0}
    - target: {fileID: 3839150580051430196, guid: 3dd4e3944e71f844eb58ac53f34e7482,
        type: 3}
      propertyPath: m_LocalPosition.x
      value: 0
      objectReference: {fileID: 0}
    - target: {fileID: 3839150580051430196, guid: 3dd4e3944e71f844eb58ac53f34e7482,
        type: 3}
      propertyPath: m_LocalPosition.y
      value: 0
      objectReference: {fileID: 0}
    - target: {fileID: 3839150580051430196, guid: 3dd4e3944e71f844eb58ac53f34e7482,
        type: 3}
      propertyPath: m_LocalPosition.z
      value: -0.174
      objectReference: {fileID: 0}
    - target: {fileID: 3839150580051430196, guid: 3dd4e3944e71f844eb58ac53f34e7482,
        type: 3}
      propertyPath: m_LocalRotation.x
      value: -0.7071068
      objectReference: {fileID: 0}
    - target: {fileID: 3839150580051430196, guid: 3dd4e3944e71f844eb58ac53f34e7482,
        type: 3}
      propertyPath: m_LocalRotation.y
      value: 0
      objectReference: {fileID: 0}
    - target: {fileID: 3839150580051430196, guid: 3dd4e3944e71f844eb58ac53f34e7482,
        type: 3}
      propertyPath: m_LocalRotation.z
      value: 0
      objectReference: {fileID: 0}
    - target: {fileID: 3839150580051430196, guid: 3dd4e3944e71f844eb58ac53f34e7482,
        type: 3}
      propertyPath: m_LocalRotation.w
      value: 0.7071068
      objectReference: {fileID: 0}
    - target: {fileID: 3839150580051430196, guid: 3dd4e3944e71f844eb58ac53f34e7482,
        type: 3}
      propertyPath: m_RootOrder
      value: 3
      objectReference: {fileID: 0}
    - target: {fileID: 3839150580051430196, guid: 3dd4e3944e71f844eb58ac53f34e7482,
        type: 3}
      propertyPath: m_LocalEulerAnglesHint.x
      value: -90
      objectReference: {fileID: 0}
    - target: {fileID: 3839150580051430196, guid: 3dd4e3944e71f844eb58ac53f34e7482,
        type: 3}
      propertyPath: m_LocalEulerAnglesHint.y
      value: 0
      objectReference: {fileID: 0}
    - target: {fileID: 3839150580051430196, guid: 3dd4e3944e71f844eb58ac53f34e7482,
        type: 3}
      propertyPath: m_LocalEulerAnglesHint.z
      value: 0
      objectReference: {fileID: 0}
    m_RemovedComponents: []
  m_SourcePrefab: {fileID: 100100000, guid: 3dd4e3944e71f844eb58ac53f34e7482, type: 3}
--- !u!4 &9099102693074639851 stripped
Transform:
  m_CorrespondingSourceObject: {fileID: 3839150580051430196, guid: 3dd4e3944e71f844eb58ac53f34e7482,
    type: 3}
  m_PrefabInstance: {fileID: 5404854654510092511}
  m_PrefabAsset: {fileID: 0}
--- !u!198 &9099102693074639852 stripped
ParticleSystem:
  m_CorrespondingSourceObject: {fileID: 3839150580051430195, guid: 3dd4e3944e71f844eb58ac53f34e7482,
    type: 3}
  m_PrefabInstance: {fileID: 5404854654510092511}
  m_PrefabAsset: {fileID: 0}
--- !u!1001 &8271941269933181146
PrefabInstance:
  m_ObjectHideFlags: 0
  serializedVersion: 2
  m_Modification:
    m_TransformParent: {fileID: 5774951041733218500}
    m_Modifications:
    - target: {fileID: 3178862840054086615, guid: 841af8e66982a6e4399d4a8a805599df,
        type: 3}
      propertyPath: m_LocalPosition.x
      value: 0
      objectReference: {fileID: 0}
    - target: {fileID: 3178862840054086615, guid: 841af8e66982a6e4399d4a8a805599df,
        type: 3}
      propertyPath: m_LocalPosition.y
      value: 0.104
      objectReference: {fileID: 0}
    - target: {fileID: 3178862840054086615, guid: 841af8e66982a6e4399d4a8a805599df,
        type: 3}
      propertyPath: m_LocalPosition.z
      value: -0
      objectReference: {fileID: 0}
    - target: {fileID: 3178862840054086615, guid: 841af8e66982a6e4399d4a8a805599df,
        type: 3}
      propertyPath: m_LocalRotation.x
      value: -0.7071068
      objectReference: {fileID: 0}
    - target: {fileID: 3178862840054086615, guid: 841af8e66982a6e4399d4a8a805599df,
        type: 3}
      propertyPath: m_LocalRotation.y
      value: 0
      objectReference: {fileID: 0}
    - target: {fileID: 3178862840054086615, guid: 841af8e66982a6e4399d4a8a805599df,
        type: 3}
      propertyPath: m_LocalRotation.z
      value: 0
      objectReference: {fileID: 0}
    - target: {fileID: 3178862840054086615, guid: 841af8e66982a6e4399d4a8a805599df,
        type: 3}
      propertyPath: m_LocalRotation.w
      value: 0.7071068
      objectReference: {fileID: 0}
    - target: {fileID: 3178862840054086615, guid: 841af8e66982a6e4399d4a8a805599df,
        type: 3}
      propertyPath: m_RootOrder
      value: 2
      objectReference: {fileID: 0}
    - target: {fileID: 3178862840054086615, guid: 841af8e66982a6e4399d4a8a805599df,
        type: 3}
      propertyPath: m_LocalEulerAnglesHint.x
      value: -90
      objectReference: {fileID: 0}
    - target: {fileID: 3178862840054086615, guid: 841af8e66982a6e4399d4a8a805599df,
        type: 3}
      propertyPath: m_LocalEulerAnglesHint.y
      value: 0
      objectReference: {fileID: 0}
    - target: {fileID: 3178862840054086615, guid: 841af8e66982a6e4399d4a8a805599df,
        type: 3}
      propertyPath: m_LocalEulerAnglesHint.z
      value: 0
      objectReference: {fileID: 0}
    - target: {fileID: 3178862840054086612, guid: 841af8e66982a6e4399d4a8a805599df,
        type: 3}
      propertyPath: playOnAwake
      value: 0
      objectReference: {fileID: 0}
    - target: {fileID: 3178862840054086610, guid: 841af8e66982a6e4399d4a8a805599df,
        type: 3}
      propertyPath: m_Name
      value: ChiliSlow
      objectReference: {fileID: 0}
    - target: {fileID: 3178862840054086610, guid: 841af8e66982a6e4399d4a8a805599df,
        type: 3}
      propertyPath: m_IsActive
      value: 0
      objectReference: {fileID: 0}
    m_RemovedComponents: []
  m_SourcePrefab: {fileID: 100100000, guid: 841af8e66982a6e4399d4a8a805599df, type: 3}
--- !u!4 &6833720038115914509 stripped
Transform:
  m_CorrespondingSourceObject: {fileID: 3178862840054086615, guid: 841af8e66982a6e4399d4a8a805599df,
    type: 3}
  m_PrefabInstance: {fileID: 8271941269933181146}
  m_PrefabAsset: {fileID: 0}
--- !u!198 &6833720038115914510 stripped
ParticleSystem:
  m_CorrespondingSourceObject: {fileID: 3178862840054086612, guid: 841af8e66982a6e4399d4a8a805599df,
    type: 3}
  m_PrefabInstance: {fileID: 8271941269933181146}
  m_PrefabAsset: {fileID: 0}
