%YAML 1.1
%TAG !u! tag:unity3d.com,2011:
--- !u!1 &3393970388246467833
GameObject:
  m_ObjectHideFlags: 0
  m_CorrespondingSourceObject: {fileID: 0}
  m_PrefabInstance: {fileID: 0}
  m_PrefabAsset: {fileID: 0}
  serializedVersion: 6
  m_Component:
  - component: {fileID: 3393970388246467830}
  - component: {fileID: 3393970388246467829}
  - component: {fileID: 3393970388246467828}
  - component: {fileID: 3393970388246467831}
  - component: {fileID: 8111359822454123473}
  - component: {fileID: 8599656366124553451}
  m_Layer: 0
  m_Name: EndTile
  m_TagString: EndTile
  m_Icon: {fileID: 0}
  m_NavMeshLayer: 0
  m_StaticEditorFlags: 0
  m_IsActive: 1
--- !u!4 &3393970388246467830
Transform:
  m_ObjectHideFlags: 0
  m_CorrespondingSourceObject: {fileID: 0}
  m_PrefabInstance: {fileID: 0}
  m_PrefabAsset: {fileID: 0}
  m_GameObject: {fileID: 3393970388246467833}
  m_LocalRotation: {x: 0, y: 0, z: 0, w: 1}
  m_LocalPosition: {x: 8, y: -0.25, z: 12}
  m_LocalScale: {x: 1, y: 0.01, z: 1}
  m_Children: []
  m_Father: {fileID: 0}
  m_RootOrder: 0
  m_LocalEulerAnglesHint: {x: 0, y: 0, z: 0}
--- !u!33 &3393970388246467829
MeshFilter:
  m_ObjectHideFlags: 0
  m_CorrespondingSourceObject: {fileID: 0}
  m_PrefabInstance: {fileID: 0}
  m_PrefabAsset: {fileID: 0}
  m_GameObject: {fileID: 3393970388246467833}
  m_Mesh: {fileID: 10202, guid: 0000000000000000e000000000000000, type: 0}
--- !u!23 &3393970388246467828
MeshRenderer:
  m_ObjectHideFlags: 0
  m_CorrespondingSourceObject: {fileID: 0}
  m_PrefabInstance: {fileID: 0}
  m_PrefabAsset: {fileID: 0}
  m_GameObject: {fileID: 3393970388246467833}
  m_Enabled: 1
  m_CastShadows: 1
  m_ReceiveShadows: 1
  m_DynamicOccludee: 1
  m_MotionVectors: 1
  m_LightProbeUsage: 1
  m_ReflectionProbeUsage: 1
  m_RenderingLayerMask: 1
  m_RendererPriority: 0
  m_Materials:
  - {fileID: 2100000, guid: cda8c771c24863e448b7843132e7572e, type: 2}
  m_StaticBatchInfo:
    firstSubMesh: 0
    subMeshCount: 0
  m_StaticBatchRoot: {fileID: 0}
  m_ProbeAnchor: {fileID: 0}
  m_LightProbeVolumeOverride: {fileID: 0}
  m_ScaleInLightmap: 1
  m_ReceiveGI: 1
  m_PreserveUVs: 0
  m_IgnoreNormalsForChartDetection: 0
  m_ImportantGI: 0
  m_StitchLightmapSeams: 1
  m_SelectedEditorRenderState: 3
  m_MinimumChartSize: 4
  m_AutoUVMaxDistance: 0.5
  m_AutoUVMaxAngle: 89
  m_LightmapParameters: {fileID: 0}
  m_SortingLayerID: 0
  m_SortingLayer: 0
  m_SortingOrder: 0
--- !u!65 &3393970388246467831
BoxCollider:
  m_ObjectHideFlags: 0
  m_CorrespondingSourceObject: {fileID: 0}
  m_PrefabInstance: {fileID: 0}
  m_PrefabAsset: {fileID: 0}
  m_GameObject: {fileID: 3393970388246467833}
  m_Material: {fileID: 0}
  m_IsTrigger: 0
  m_Enabled: 1
  serializedVersion: 2
  m_Size: {x: 1, y: 1, z: 1}
  m_Center: {x: 0, y: 0, z: 0}
--- !u!114 &8111359822454123473
MonoBehaviour:
  m_ObjectHideFlags: 0
  m_CorrespondingSourceObject: {fileID: 0}
  m_PrefabInstance: {fileID: 0}
  m_PrefabAsset: {fileID: 0}
  m_GameObject: {fileID: 3393970388246467833}
  m_Enabled: 1
  m_EditorHideFlags: 0
  m_Script: {fileID: 11500000, guid: 8da547dde911bf947a04a17298aa8ed2, type: 3}
  m_Name: 
  m_EditorClassIdentifier: 
  mergeRangeIndicator: {fileID: 0}
  targetRangeIndicator: {fileID: 0}
  selected: 0
  hoverColor: {r: 0, g: 0, b: 0, a: 0}
  mergingColor: {r: 0, g: 0, b: 0, a: 0}
  denyColor: {r: 0, g: 0, b: 0, a: 0}
  preparingColor: {r: 0, g: 0, b: 0, a: 0}
  turret:
    name: 
    turret: {fileID: 0}
    cost: 0
    totalValue: 0
    sellFactor: 0
    UpgradePath1: []
    UpgradePath2: []
    UpgradePath3: []
  currentTurret: {fileID: 0}
  gettingAS: {fileID: 8599656366124553451}
  mergeRange: 15
  path1Max: 0
  path2Max: 0
  path3Max: 0
  path1UpgradeStatus: 0
  path2UpgradeStatus: 0
  path3UpgradeStatus: 0
  targetSettingIndex: 0
  canBuild: 1
  currentTier: 0
  newAddOn:
    range: 0
    fireRate: 0
    bulletDamage: 0
    explosionDamage: 0
    explosionRadius: 0
    damageOverTime: 0
    slowFactor: 0
    areaDamage: 0
    burnDamage: 0
    burnDuration: 0
    burnRate: 0
  x: 0
  y: 0
  correspondingGrid: {fileID: 0}
  towerMerging: {fileID: 0}
  mergeMarking: 0
  upgrading: 0
--- !u!114 &8599656366124553451
MonoBehaviour:
  m_ObjectHideFlags: 0
  m_CorrespondingSourceObject: {fileID: 0}
  m_PrefabInstance: {fileID: 0}
  m_PrefabAsset: {fileID: 0}
  m_GameObject: {fileID: 3393970388246467833}
  m_Enabled: 1
  m_EditorHideFlags: 0
  m_Script: {fileID: 11500000, guid: 676005252e558894aba408237541a146, type: 3}
  m_Name: 
  m_EditorClassIdentifier: 
  soundNames:
  - Click
  - Tower Build
  parentedSources: []
  audioIndex: 
