%YAML 1.1
%TAG !u! tag:unity3d.com,2011:
--- !u!1 &1589989952962632974
GameObject:
  m_ObjectHideFlags: 0
  m_CorrespondingSourceObject: {fileID: 0}
  m_PrefabInstance: {fileID: 0}
  m_PrefabAsset: {fileID: 0}
  serializedVersion: 6
  m_Component:
  - component: {fileID: 1589989952962632981}
  - component: {fileID: 1589989952962632978}
  - component: {fileID: 1589989952962632979}
  - component: {fileID: 1589989952962632976}
  - component: {fileID: 1589989952962632977}
  - component: {fileID: 4951212938755100600}
  m_Layer: 0
  m_Name: Tile
  m_TagString: Tile
  m_Icon: {fileID: 0}
  m_NavMeshLayer: 0
  m_StaticEditorFlags: 0
  m_IsActive: 1
--- !u!4 &1589989952962632981
Transform:
  m_ObjectHideFlags: 0
  m_CorrespondingSourceObject: {fileID: 0}
  m_PrefabInstance: {fileID: 0}
  m_PrefabAsset: {fileID: 0}
  m_GameObject: {fileID: 1589989952962632974}
  m_LocalRotation: {x: 0, y: 0, z: 0, w: 1}
  m_LocalPosition: {x: 0, y: -0.25, z: 0}
  m_LocalScale: {x: 0.1, y: 0.01, z: 0.1}
  m_Children:
  - {fileID: 3584817088583076264}
  - {fileID: 7122094566137359979}
  - {fileID: 3804157464064673175}
  - {fileID: 3511096420315359128}
  m_Father: {fileID: 0}
  m_RootOrder: 0
  m_LocalEulerAnglesHint: {x: 0, y: 0, z: 0}
--- !u!33 &1589989952962632978
MeshFilter:
  m_ObjectHideFlags: 0
  m_CorrespondingSourceObject: {fileID: 0}
  m_PrefabInstance: {fileID: 0}
  m_PrefabAsset: {fileID: 0}
  m_GameObject: {fileID: 1589989952962632974}
  m_Mesh: {fileID: 10209, guid: 0000000000000000e000000000000000, type: 0}
--- !u!23 &1589989952962632979
MeshRenderer:
  m_ObjectHideFlags: 0
  m_CorrespondingSourceObject: {fileID: 0}
  m_PrefabInstance: {fileID: 0}
  m_PrefabAsset: {fileID: 0}
  m_GameObject: {fileID: 1589989952962632974}
  m_Enabled: 1
  m_CastShadows: 1
  m_ReceiveShadows: 1
  m_DynamicOccludee: 1
  m_MotionVectors: 1
  m_LightProbeUsage: 1
  m_ReflectionProbeUsage: 1
  m_RenderingLayerMask: 1
  m_RendererPriority: 0
  m_Materials:
  - {fileID: 2100000, guid: 28852c123ee18d141aca24270c9f4fbe, type: 2}
  m_StaticBatchInfo:
    firstSubMesh: 0
    subMeshCount: 0
  m_StaticBatchRoot: {fileID: 0}
  m_ProbeAnchor: {fileID: 0}
  m_LightProbeVolumeOverride: {fileID: 0}
  m_ScaleInLightmap: 1
  m_ReceiveGI: 1
  m_PreserveUVs: 0
  m_IgnoreNormalsForChartDetection: 0
  m_ImportantGI: 0
  m_StitchLightmapSeams: 1
  m_SelectedEditorRenderState: 3
  m_MinimumChartSize: 4
  m_AutoUVMaxDistance: 0.5
  m_AutoUVMaxAngle: 89
  m_LightmapParameters: {fileID: 0}
  m_SortingLayerID: 0
  m_SortingLayer: 0
  m_SortingOrder: 0
--- !u!65 &1589989952962632976
BoxCollider:
  m_ObjectHideFlags: 0
  m_CorrespondingSourceObject: {fileID: 0}
  m_PrefabInstance: {fileID: 0}
  m_PrefabAsset: {fileID: 0}
  m_GameObject: {fileID: 1589989952962632974}
  m_Material: {fileID: 0}
  m_IsTrigger: 0
  m_Enabled: 1
  serializedVersion: 2
  m_Size: {x: 6, y: 0.1, z: 6}
  m_Center: {x: 0, y: 0, z: 0}
--- !u!114 &1589989952962632977
MonoBehaviour:
  m_ObjectHideFlags: 0
  m_CorrespondingSourceObject: {fileID: 0}
  m_PrefabInstance: {fileID: 0}
  m_PrefabAsset: {fileID: 0}
  m_GameObject: {fileID: 1589989952962632974}
  m_Enabled: 1
  m_EditorHideFlags: 0
  m_Script: {fileID: 11500000, guid: 8da547dde911bf947a04a17298aa8ed2, type: 3}
  m_Name: 
  m_EditorClassIdentifier: 
  mergeRangeIndicator: {fileID: 6912508157140272337}
  targetRangeIndicator: {fileID: 902759419143774994}
  mouseOverIndicator: {fileID: 184732066807494532}
  denyIndicator: {fileID: 496154963863147915}
  indicatorMaterial: {fileID: 2100000, guid: 11095b984f78074409ba2b17e817a411, type: 2}
  selected: 0
  hoverColor: {r: 0, g: 0.94070315, b: 1, a: 0.39215687}
  mergingColor: {r: 0.03082787, g: 0.8396226, b: 0, a: 0.39215687}
  denyColor: {r: 1, g: 0, b: 0, a: 0.39215687}
  preparingColor: {r: 0.4056604, g: 0.4056604, b: 0.4056604, a: 0.39215687}
  turret:
    name: 
    turret: {fileID: 0}
    cost: 0
    totalValue: 0
    sellFactor: 0
    towerImage: {fileID: 0}
    UpgradePath1: []
    UpgradePath2: []
    UpgradePath3: []
  currentTurret: {fileID: 0}
  gettingAS: {fileID: 4951212938755100600}
  mergeRange: 1.5
  path1Max: 0
  path2Max: 0
  path3Max: 0
  path1UpgradeStatus: 0
  path2UpgradeStatus: 0
  path3UpgradeStatus: 0
  targetSettingIndex: 0
  canBuild: 1
  currentTier: 0
  newAddOn:
    range: 0
    fireRate: 0
    bulletDamage: 0
    explosionDamage: 0
    explosionRadius: 0
    damageOverTime: 0
    slowFactor: 0
    areaDamage: 0
    burnDamage: 0
    burnDuration: 0
    burnRate: 0
  x: 0
  y: 0
  correspondingGrid: {fileID: 0}
  towerMerging: {fileID: 0}
  mergeMarking: 0
  upgrading: 0
  towerImage: {fileID: 0}
--- !u!114 &4951212938755100600
MonoBehaviour:
  m_ObjectHideFlags: 0
  m_CorrespondingSourceObject: {fileID: 0}
  m_PrefabInstance: {fileID: 0}
  m_PrefabAsset: {fileID: 0}
  m_GameObject: {fileID: 1589989952962632974}
  m_Enabled: 1
  m_EditorHideFlags: 0
  m_Script: {fileID: 11500000, guid: 676005252e558894aba408237541a146, type: 3}
  m_Name: 
  m_EditorClassIdentifier: 
  soundNames:
  - Click
  - Tower Build
  parentedSources: []
  audioIndex: 
--- !u!1001 &1306378571839082935
PrefabInstance:
  m_ObjectHideFlags: 0
  serializedVersion: 2
  m_Modification:
    m_TransformParent: {fileID: 1589989952962632981}
    m_Modifications:
    - target: {fileID: 8140242197170487260, guid: dbe267f964f5b7a4889283d1651b0e87,
        type: 3}
      propertyPath: m_LocalPosition.x
      value: 0
      objectReference: {fileID: 0}
    - target: {fileID: 8140242197170487260, guid: dbe267f964f5b7a4889283d1651b0e87,
        type: 3}
      propertyPath: m_LocalPosition.y
      value: 1
      objectReference: {fileID: 0}
    - target: {fileID: 8140242197170487260, guid: dbe267f964f5b7a4889283d1651b0e87,
        type: 3}
      propertyPath: m_LocalPosition.z
      value: 0
      objectReference: {fileID: 0}
    - target: {fileID: 8140242197170487260, guid: dbe267f964f5b7a4889283d1651b0e87,
        type: 3}
      propertyPath: m_LocalRotation.x
      value: 0.7071068
      objectReference: {fileID: 0}
    - target: {fileID: 8140242197170487260, guid: dbe267f964f5b7a4889283d1651b0e87,
        type: 3}
      propertyPath: m_LocalRotation.y
      value: 0
      objectReference: {fileID: 0}
    - target: {fileID: 8140242197170487260, guid: dbe267f964f5b7a4889283d1651b0e87,
        type: 3}
      propertyPath: m_LocalRotation.z
      value: 0
      objectReference: {fileID: 0}
    - target: {fileID: 8140242197170487260, guid: dbe267f964f5b7a4889283d1651b0e87,
        type: 3}
      propertyPath: m_LocalRotation.w
      value: 0.7071068
      objectReference: {fileID: 0}
    - target: {fileID: 8140242197170487260, guid: dbe267f964f5b7a4889283d1651b0e87,
        type: 3}
      propertyPath: m_RootOrder
      value: 1
      objectReference: {fileID: 0}
    - target: {fileID: 8140242197170487260, guid: dbe267f964f5b7a4889283d1651b0e87,
        type: 3}
      propertyPath: m_LocalEulerAnglesHint.x
      value: 90
      objectReference: {fileID: 0}
    - target: {fileID: 8140242197170487260, guid: dbe267f964f5b7a4889283d1651b0e87,
        type: 3}
      propertyPath: m_LocalEulerAnglesHint.y
      value: 0
      objectReference: {fileID: 0}
    - target: {fileID: 8140242197170487260, guid: dbe267f964f5b7a4889283d1651b0e87,
        type: 3}
      propertyPath: m_LocalEulerAnglesHint.z
      value: 0
      objectReference: {fileID: 0}
    - target: {fileID: 8140242197170487260, guid: dbe267f964f5b7a4889283d1651b0e87,
        type: 3}
      propertyPath: m_LocalScale.x
      value: 10
      objectReference: {fileID: 0}
    - target: {fileID: 8140242197170487260, guid: dbe267f964f5b7a4889283d1651b0e87,
        type: 3}
      propertyPath: m_LocalScale.y
      value: 10
      objectReference: {fileID: 0}
    - target: {fileID: 8140242197170487260, guid: dbe267f964f5b7a4889283d1651b0e87,
        type: 3}
      propertyPath: m_LocalScale.z
      value: 10
      objectReference: {fileID: 0}
    - target: {fileID: 5606728548576433510, guid: dbe267f964f5b7a4889283d1651b0e87,
        type: 3}
      propertyPath: m_Name
      value: MergeIndicator
      objectReference: {fileID: 0}
    - target: {fileID: 5606728548576433510, guid: dbe267f964f5b7a4889283d1651b0e87,
        type: 3}
      propertyPath: m_IsActive
      value: 0
      objectReference: {fileID: 0}
    - target: {fileID: 5606728548576433510, guid: dbe267f964f5b7a4889283d1651b0e87,
        type: 3}
      propertyPath: m_StaticEditorFlags
      value: 0
      objectReference: {fileID: 0}
    m_RemovedComponents: []
  m_SourcePrefab: {fileID: 100100000, guid: dbe267f964f5b7a4889283d1651b0e87, type: 3}
--- !u!1 &6912508157140272337 stripped
GameObject:
  m_CorrespondingSourceObject: {fileID: 5606728548576433510, guid: dbe267f964f5b7a4889283d1651b0e87,
    type: 3}
  m_PrefabInstance: {fileID: 1306378571839082935}
  m_PrefabAsset: {fileID: 0}
--- !u!4 &7122094566137359979 stripped
Transform:
  m_CorrespondingSourceObject: {fileID: 8140242197170487260, guid: dbe267f964f5b7a4889283d1651b0e87,
    type: 3}
  m_PrefabInstance: {fileID: 1306378571839082935}
  m_PrefabAsset: {fileID: 0}
--- !u!1001 &2630095446963664419
PrefabInstance:
  m_ObjectHideFlags: 0
  serializedVersion: 2
  m_Modification:
    m_TransformParent: {fileID: 1589989952962632981}
    m_Modifications:
    - target: {fileID: 2805660146574492071, guid: 181168d8544921542bcbfdc986109430,
        type: 3}
      propertyPath: m_Name
      value: SelectionIndicator
      objectReference: {fileID: 0}
    - target: {fileID: 2805660146574492071, guid: 181168d8544921542bcbfdc986109430,
        type: 3}
      propertyPath: m_IsActive
      value: 0
      objectReference: {fileID: 0}
    - target: {fileID: 1203847383387861940, guid: 181168d8544921542bcbfdc986109430,
        type: 3}
      propertyPath: m_LocalPosition.x
      value: 0
      objectReference: {fileID: 0}
    - target: {fileID: 1203847383387861940, guid: 181168d8544921542bcbfdc986109430,
        type: 3}
      propertyPath: m_LocalPosition.y
      value: 0
      objectReference: {fileID: 0}
    - target: {fileID: 1203847383387861940, guid: 181168d8544921542bcbfdc986109430,
        type: 3}
      propertyPath: m_LocalPosition.z
      value: 0
      objectReference: {fileID: 0}
    - target: {fileID: 1203847383387861940, guid: 181168d8544921542bcbfdc986109430,
        type: 3}
      propertyPath: m_LocalRotation.x
      value: 0
      objectReference: {fileID: 0}
    - target: {fileID: 1203847383387861940, guid: 181168d8544921542bcbfdc986109430,
        type: 3}
      propertyPath: m_LocalRotation.y
      value: 0
      objectReference: {fileID: 0}
    - target: {fileID: 1203847383387861940, guid: 181168d8544921542bcbfdc986109430,
        type: 3}
      propertyPath: m_LocalRotation.z
      value: 0
      objectReference: {fileID: 0}
    - target: {fileID: 1203847383387861940, guid: 181168d8544921542bcbfdc986109430,
        type: 3}
      propertyPath: m_LocalRotation.w
      value: 1
      objectReference: {fileID: 0}
    - target: {fileID: 1203847383387861940, guid: 181168d8544921542bcbfdc986109430,
        type: 3}
      propertyPath: m_RootOrder
      value: 2
      objectReference: {fileID: 0}
    - target: {fileID: 1203847383387861940, guid: 181168d8544921542bcbfdc986109430,
        type: 3}
      propertyPath: m_LocalEulerAnglesHint.x
      value: 0
      objectReference: {fileID: 0}
    - target: {fileID: 1203847383387861940, guid: 181168d8544921542bcbfdc986109430,
        type: 3}
      propertyPath: m_LocalEulerAnglesHint.y
      value: 0
      objectReference: {fileID: 0}
    - target: {fileID: 1203847383387861940, guid: 181168d8544921542bcbfdc986109430,
        type: 3}
      propertyPath: m_LocalEulerAnglesHint.z
      value: 0
      objectReference: {fileID: 0}
    - target: {fileID: 1203847383387861940, guid: 181168d8544921542bcbfdc986109430,
        type: 3}
      propertyPath: m_LocalScale.x
      value: 10
      objectReference: {fileID: 0}
    - target: {fileID: 1203847383387861940, guid: 181168d8544921542bcbfdc986109430,
        type: 3}
      propertyPath: m_LocalScale.y
      value: 100
      objectReference: {fileID: 0}
    - target: {fileID: 1203847383387861940, guid: 181168d8544921542bcbfdc986109430,
        type: 3}
      propertyPath: m_LocalScale.z
      value: 10
      objectReference: {fileID: 0}
    m_RemovedComponents: []
  m_SourcePrefab: {fileID: 100100000, guid: 181168d8544921542bcbfdc986109430, type: 3}
--- !u!1 &184732066807494532 stripped
GameObject:
  m_CorrespondingSourceObject: {fileID: 2805660146574492071, guid: 181168d8544921542bcbfdc986109430,
    type: 3}
  m_PrefabInstance: {fileID: 2630095446963664419}
  m_PrefabAsset: {fileID: 0}
--- !u!4 &3804157464064673175 stripped
Transform:
  m_CorrespondingSourceObject: {fileID: 1203847383387861940, guid: 181168d8544921542bcbfdc986109430,
    type: 3}
  m_PrefabInstance: {fileID: 2630095446963664419}
  m_PrefabAsset: {fileID: 0}
--- !u!1001 &4704052693323445876
PrefabInstance:
  m_ObjectHideFlags: 0
  serializedVersion: 2
  m_Modification:
    m_TransformParent: {fileID: 1589989952962632981}
    m_Modifications:
    - target: {fileID: 5606728548576433510, guid: 0e1c0b7be1108f244a96c1d7442a44f3,
        type: 3}
      propertyPath: m_Name
      value: RangeIndicator
      objectReference: {fileID: 0}
    - target: {fileID: 5606728548576433510, guid: 0e1c0b7be1108f244a96c1d7442a44f3,
        type: 3}
      propertyPath: m_IsActive
      value: 0
      objectReference: {fileID: 0}
    - target: {fileID: 5606728548576433510, guid: 0e1c0b7be1108f244a96c1d7442a44f3,
        type: 3}
      propertyPath: m_StaticEditorFlags
      value: 0
      objectReference: {fileID: 0}
    - target: {fileID: 8140242197170487260, guid: 0e1c0b7be1108f244a96c1d7442a44f3,
        type: 3}
      propertyPath: m_LocalPosition.x
      value: 0
      objectReference: {fileID: 0}
    - target: {fileID: 8140242197170487260, guid: 0e1c0b7be1108f244a96c1d7442a44f3,
        type: 3}
      propertyPath: m_LocalPosition.y
      value: 1
      objectReference: {fileID: 0}
    - target: {fileID: 8140242197170487260, guid: 0e1c0b7be1108f244a96c1d7442a44f3,
        type: 3}
      propertyPath: m_LocalPosition.z
      value: 0
      objectReference: {fileID: 0}
    - target: {fileID: 8140242197170487260, guid: 0e1c0b7be1108f244a96c1d7442a44f3,
        type: 3}
      propertyPath: m_LocalRotation.x
      value: 0.7071068
      objectReference: {fileID: 0}
    - target: {fileID: 8140242197170487260, guid: 0e1c0b7be1108f244a96c1d7442a44f3,
        type: 3}
      propertyPath: m_LocalRotation.y
      value: 0
      objectReference: {fileID: 0}
    - target: {fileID: 8140242197170487260, guid: 0e1c0b7be1108f244a96c1d7442a44f3,
        type: 3}
      propertyPath: m_LocalRotation.z
      value: 0
      objectReference: {fileID: 0}
    - target: {fileID: 8140242197170487260, guid: 0e1c0b7be1108f244a96c1d7442a44f3,
        type: 3}
      propertyPath: m_LocalRotation.w
      value: 0.7071068
      objectReference: {fileID: 0}
    - target: {fileID: 8140242197170487260, guid: 0e1c0b7be1108f244a96c1d7442a44f3,
        type: 3}
      propertyPath: m_RootOrder
      value: 0
      objectReference: {fileID: 0}
    - target: {fileID: 8140242197170487260, guid: 0e1c0b7be1108f244a96c1d7442a44f3,
        type: 3}
      propertyPath: m_LocalEulerAnglesHint.x
      value: 90
      objectReference: {fileID: 0}
    - target: {fileID: 8140242197170487260, guid: 0e1c0b7be1108f244a96c1d7442a44f3,
        type: 3}
      propertyPath: m_LocalEulerAnglesHint.y
      value: 0
      objectReference: {fileID: 0}
    - target: {fileID: 8140242197170487260, guid: 0e1c0b7be1108f244a96c1d7442a44f3,
        type: 3}
      propertyPath: m_LocalEulerAnglesHint.z
      value: 0
      objectReference: {fileID: 0}
    - target: {fileID: 8140242197170487260, guid: 0e1c0b7be1108f244a96c1d7442a44f3,
        type: 3}
      propertyPath: m_LocalScale.x
      value: 10
      objectReference: {fileID: 0}
    - target: {fileID: 8140242197170487260, guid: 0e1c0b7be1108f244a96c1d7442a44f3,
        type: 3}
      propertyPath: m_LocalScale.y
      value: 10
      objectReference: {fileID: 0}
    - target: {fileID: 8140242197170487260, guid: 0e1c0b7be1108f244a96c1d7442a44f3,
        type: 3}
      propertyPath: m_LocalScale.z
      value: 10
      objectReference: {fileID: 0}
    m_RemovedComponents: []
  m_SourcePrefab: {fileID: 100100000, guid: 0e1c0b7be1108f244a96c1d7442a44f3, type: 3}
--- !u!1 &902759419143774994 stripped
GameObject:
  m_CorrespondingSourceObject: {fileID: 5606728548576433510, guid: 0e1c0b7be1108f244a96c1d7442a44f3,
    type: 3}
  m_PrefabInstance: {fileID: 4704052693323445876}
  m_PrefabAsset: {fileID: 0}
--- !u!4 &3584817088583076264 stripped
Transform:
  m_CorrespondingSourceObject: {fileID: 8140242197170487260, guid: 0e1c0b7be1108f244a96c1d7442a44f3,
    type: 3}
  m_PrefabInstance: {fileID: 4704052693323445876}
  m_PrefabAsset: {fileID: 0}
--- !u!1001 &7771862161916075061
PrefabInstance:
  m_ObjectHideFlags: 0
  serializedVersion: 2
  m_Modification:
    m_TransformParent: {fileID: 1589989952962632981}
    m_Modifications:
    - target: {fileID: 7870463910364744126, guid: 87d6497f973223643be39ecc2f59fb3c,
        type: 3}
      propertyPath: m_Name
      value: DenyIndicator
      objectReference: {fileID: 0}
    - target: {fileID: 7870463910364744126, guid: 87d6497f973223643be39ecc2f59fb3c,
        type: 3}
      propertyPath: m_IsActive
      value: 0
      objectReference: {fileID: 0}
    - target: {fileID: 6585064074458201005, guid: 87d6497f973223643be39ecc2f59fb3c,
        type: 3}
      propertyPath: m_LocalPosition.x
      value: 0
      objectReference: {fileID: 0}
    - target: {fileID: 6585064074458201005, guid: 87d6497f973223643be39ecc2f59fb3c,
        type: 3}
      propertyPath: m_LocalPosition.y
      value: 0
      objectReference: {fileID: 0}
    - target: {fileID: 6585064074458201005, guid: 87d6497f973223643be39ecc2f59fb3c,
        type: 3}
      propertyPath: m_LocalPosition.z
      value: 0
      objectReference: {fileID: 0}
    - target: {fileID: 6585064074458201005, guid: 87d6497f973223643be39ecc2f59fb3c,
        type: 3}
      propertyPath: m_LocalRotation.x
      value: 0
      objectReference: {fileID: 0}
    - target: {fileID: 6585064074458201005, guid: 87d6497f973223643be39ecc2f59fb3c,
        type: 3}
      propertyPath: m_LocalRotation.y
      value: 0
      objectReference: {fileID: 0}
    - target: {fileID: 6585064074458201005, guid: 87d6497f973223643be39ecc2f59fb3c,
        type: 3}
      propertyPath: m_LocalRotation.z
      value: 0
      objectReference: {fileID: 0}
    - target: {fileID: 6585064074458201005, guid: 87d6497f973223643be39ecc2f59fb3c,
        type: 3}
      propertyPath: m_LocalRotation.w
      value: 1
      objectReference: {fileID: 0}
    - target: {fileID: 6585064074458201005, guid: 87d6497f973223643be39ecc2f59fb3c,
        type: 3}
      propertyPath: m_RootOrder
      value: 3
      objectReference: {fileID: 0}
    - target: {fileID: 6585064074458201005, guid: 87d6497f973223643be39ecc2f59fb3c,
        type: 3}
      propertyPath: m_LocalEulerAnglesHint.x
      value: 0
      objectReference: {fileID: 0}
    - target: {fileID: 6585064074458201005, guid: 87d6497f973223643be39ecc2f59fb3c,
        type: 3}
      propertyPath: m_LocalEulerAnglesHint.y
      value: 0
      objectReference: {fileID: 0}
    - target: {fileID: 6585064074458201005, guid: 87d6497f973223643be39ecc2f59fb3c,
        type: 3}
      propertyPath: m_LocalEulerAnglesHint.z
      value: 0
      objectReference: {fileID: 0}
    - target: {fileID: 6585064074458201005, guid: 87d6497f973223643be39ecc2f59fb3c,
        type: 3}
      propertyPath: m_LocalScale.x
      value: 10
      objectReference: {fileID: 0}
    - target: {fileID: 6585064074458201005, guid: 87d6497f973223643be39ecc2f59fb3c,
        type: 3}
      propertyPath: m_LocalScale.y
      value: 100
      objectReference: {fileID: 0}
    - target: {fileID: 6585064074458201005, guid: 87d6497f973223643be39ecc2f59fb3c,
        type: 3}
      propertyPath: m_LocalScale.z
      value: 10
      objectReference: {fileID: 0}
    m_RemovedComponents: []
  m_SourcePrefab: {fileID: 100100000, guid: 87d6497f973223643be39ecc2f59fb3c, type: 3}
--- !u!1 &496154963863147915 stripped
GameObject:
  m_CorrespondingSourceObject: {fileID: 7870463910364744126, guid: 87d6497f973223643be39ecc2f59fb3c,
    type: 3}
  m_PrefabInstance: {fileID: 7771862161916075061}
  m_PrefabAsset: {fileID: 0}
--- !u!4 &3511096420315359128 stripped
Transform:
  m_CorrespondingSourceObject: {fileID: 6585064074458201005, guid: 87d6497f973223643be39ecc2f59fb3c,
    type: 3}
  m_PrefabInstance: {fileID: 7771862161916075061}
  m_PrefabAsset: {fileID: 0}
